<record><leader>00000cas a22000007a 4500</leader><controlfield tag="001">8534402</controlfield><controlfield tag="008">820621u1982uuuupausr ne      0   a0eng d</controlfield><datafield ind1=" " ind2=" " tag="010"><subfield code="a">sn 85055073 </subfield></datafield><datafield ind1=" " ind2=" " tag="040"><subfield code="a">PIT</subfield><subfield code="b">eng</subfield><subfield code="c">PIT</subfield><subfield code="d">NPH</subfield><subfield code="d">NST</subfield></datafield><datafield ind1=" " ind2=" " tag="012"><subfield code="i">8912</subfield></datafield><datafield ind1="1" ind2=" " tag="029"><subfield code="a">AU@</subfield><subfield code="b">000025803557</subfield></datafield><datafield ind1=" " ind2=" " tag="037"><subfield code="b">140 46th St., Pittsburgh, PA 15201</subfield></datafield><datafield ind1=" " ind2=" " tag="042"><subfield code="a">msc</subfield></datafield><datafield ind1=" " ind2=" " tag="043"><subfield code="a">n-us-pa</subfield></datafield><datafield ind1=" " ind2=" " tag="090"><subfield code="a">F159.P6</subfield><subfield code="b">R4</subfield></datafield><datafield ind1="0" ind2=" " tag="130"><subfield code="a">Renaissance (Pittsburgh, Pa. : 1982)</subfield></datafield><datafield ind1="0" ind2="4" tag="245"><subfield code="a">The Renaissance.</subfield></datafield><datafield ind1=" " ind2=" " tag="260"><subfield code="a">Pittsburgh, Pa. :</subfield><subfield code="b">Renaissance Publications,</subfield><subfield code="c">1982-</subfield></datafield><datafield ind1=" " ind2=" " tag="300"><subfield code="a">v. :</subfield><subfield code="b">ill. ;</subfield><subfield code="c">37-43 cm.</subfield></datafield><datafield ind1=" " ind2=" " tag="310"><subfield code="a">Semimonthly,</subfield><subfield code="b">June 2, 1982-</subfield></datafield><datafield ind1=" " ind2=" " tag="321"><subfield code="a">Biweekly,</subfield><subfield code="b">March 23-May 11, 1982</subfield></datafield><datafield ind1="0" ind2=" " tag="362"><subfield code="a">Vol. 1, no. 1 (Mar. 23, 1982)-</subfield></datafield><datafield ind1=" " ind2=" " tag="752"><subfield code="a">United States</subfield><subfield code="b">Pennsylvania</subfield><subfield code="c">Allegheny</subfield><subfield code="d">Pittsburgh.</subfield></datafield><datafield ind1=" " ind2=" " tag="850"><subfield code="a">PPiU</subfield></datafield></record>